@thesis{jake2016,
  author = {Jake Palmer},
  title = {Bird Song Recognition},
  year = 2016,
  type = {3rd year project report},
  institution = {School of Computer Science, University of Manchester}
}
@misc{aab,
  title = {All About Birds},
  howpublished = {\url{https://www.allaboutbirds.org/do-bird-songs-have-frequencies-higher-than-humans-can-hear/}},
  accessed = {Accessed: 2016-06-15}
}
@misc{ffmpeg,
  tile = {FFmpeg},
  howpublished = {\url{http://www.ffmpeg.org}},
  accessed = {Accessed: 2017-04-29}
}
@misc{warblr,
  title = {Warblr},
  howpublished = {\url{http://warblr.net}},
  note = {Accessed: 2017-04-29}
}
@misc{chirpomatic,
  title = {Chirpomatic},
  howpublished = {\url{http://www.chirpomatic.com}},
  note = {Accessed: 2017-04-29}
}
@misc{xenocanto,
  title = {{Xeno Canto}},
  howpublished = {\url{http://www.xeno-canto.org}},
  note = {Accessed: 2016-06-14}
}
@misc{kaggle,
  title = {MLSP 2013 Bird Classification Challenge},
  author = {Kaggle},
  howpublished = {\url{https://www.kaggle.com/c/mlsp-2013-birds}},
  note = {Accessed: 2016-06-14}
}
@Book{ Catch1997,
title = { Bird song : biological themes and variations },
author = { Catchpole, Clive and Slater, P. J. B. (Peter James Bramwell), 1942- },
publisher = { Cambridge [England] : New York, NY, USA : Cambridge University Press },
year = { 1995 },
type = { Book; Book/Illustrated },
isbn = { 0521417996 (hardback) },
subjects = { Birds -- Vocalization; Birdsongs; Birds -- Behavior; Birds Behaviour },
language = { English },
note = { Includes bibliographical references (p. [221]-240) and index },
contents = { 1. The study of bird song -- 2. Production and perception -- 3. How song develops -- 4. Getting the message across -- 5. When do birds sing? -- 6. Recognition and territorial defence -- 7. Sexual selection and female choice -- 8. Themes and variations -- 9. Variation in time and space -- Appendix: Common and scientific names },
catalogue-url = { http://trove.nla.gov.au/work/30707977 }
}
@article{breiman2001,
 author = {Breiman, Leo},
 title = {Random Forests},
 journal = {Mach. Learn.},
 issue_date = {October 1 2001},
 volume = {45},
 number = {1},
 month = oct,
 year = {2001},
 issn = {0885-6125},
 pages = {5--32},
 numpages = {28},
 url = {http://dx.doi.org/10.1023/A:1010933404324},
 doi = {10.1023/A:1010933404324},
 acmid = {570182},
 publisher = {Kluwer Academic Publishers},
 address = {Hingham, MA, USA},
 keywords = {classification, ensemble, regression},
} 
@article{scikit-learn,
 title={Scikit-learn: Machine Learning in {P}ython},
 author={Pedregosa, F. and Varoquaux, G. and Gramfort, A. and Michel, V.
         and Thirion, B. and Grisel, O. and Blondel, M. and Prettenhofer, P.
         and Weiss, R. and Dubourg, V. and Vanderplas, J. and Passos, A. and
         Cournapeau, D. and Brucher, M. and Perrot, M. and Duchesnay, E.},
 journal={Journal of Machine Learning Research},
 volume={12},
 pages={2825--2830},
 year={2011}
}
@inproceedings{lasseck2014,
  title={Large-scale Identification of Birds in Audio Recordings.},
  author={Lasseck, Mario},
  year=2014
}
@inproceedings{lasseck2013,
  author = {Lasseck, Mario},
  title = {Bird Song Classification in Field Recordings: Winning Solution for NIPS4B 2013 Competition},
  year = 2013
}
@article{opencv_library,
    author = {Bradski, G.},
    citeulike-article-id = {2236121},
    journal = {Dr. Dobb's Journal of Software Tools},
    keywords = {bibtex-import},
    posted-at = {2008-01-15 19:21:54},
    priority = {4},
    title = {The OpenCV Library},
    year = {2000}
}

@article{brumm2004,
title={Causes and consequences of song amplitude adjustment in a territorial bird: a case study in nightingales},
volume={76},
DOI={10.1590/s0001-37652004000200017},
number={2},
journal={Anais da Academia Brasileira de Ci\^encias},
author={Brumm, Henrik},
year={2004},
pages={289-295}
},

@article{fagerlund2004,
title={Acoustics and Physical Models of Bird Sounds},
author={Fagerlund, Sappo},
year={2004}
},

@article{podos2007,
title={The Evolution of Geographic Variation in Birdsong},
volume={37},
journal={Advances In The Study Of Behaviour},
author={Podos, Jeffrey and Warren, Paige S.},
year={2007},
pages={403-458}
}

@Inbook{marko2004,
author="Robnik-{\v{S}}ikonja, Marko",
editor="Boulicaut, Jean-Fran{\c{c}}ois
and Esposito, Floriana
and Giannotti, Fosca
and Pedreschi, Dino",
title="Improving Random Forests",
bookTitle="Machine Learning: ECML 2004: 15th European Conference on Machine Learning, Pisa, Italy, September 20-24, 2004. Proceedings",
year="2004",
publisher="Springer Berlin Heidelberg",
address="Berlin, Heidelberg",
pages="359--370",
isbn="978-3-540-30115-8",
doi="10.1007/978-3-540-30115-8_34",
url="http://dx.doi.org/10.1007/978-3-540-30115-8_34"
}

@inproceedings{fodor2013,
author = {Fodor, G\'{a}bor},
title={The Ninth Annual MLSP Competition: First Place},
year=2013
}
@inproceedings{Bouckaert2003,
  added-at = {2012-12-13T00:00:00.000+0100},
  author = {Bouckaert, Remco R.},
  biburl = {http://www.bibsonomy.org/bibtex/21ae18097ec808a01fe45a4827f38bca9/dblp},
  booktitle = {ICML},
  crossref = {conf/icml/2003},
  editor = {Fawcett, Tom and Mishra, Nina},
  ee = {http://www.aaai.org/Library/ICML/2003/icml03-010.php},
  interhash = {ee309098f01a4892779ba4806ac835f9},
  intrahash = {1ae18097ec808a01fe45a4827f38bca9},
  isbn = {1-57735-189-4},
  keywords = {dblp},
  pages = {51-58},
  publisher = {AAAI Press},
  timestamp = {2012-12-14T11:43:44.000+0100},
  title = {Choosing Between Two Learning Algorithms Based on Calibrated Tests.},
  url = {http://dblp.uni-trier.de/db/conf/icml/icml2003.html#Bouckaert03},
  year = 2003
}
@Book{Krood1983,
title={{Acoustic Communication in Birds, Vol. 2: Song Learning and Its Consequences}},
author={Kroodsma, Donald},
year=1983
}
@article{otsu1979, 
author={N. Otsu}, 
journal={IEEE Transactions on Systems, Man, and Cybernetics}, 
title={A Threshold Selection Method from Gray-Level Histograms}, 
year={1979}, 
volume={9}, 
number={1}, 
pages={62-66}, 
keywords={Displays;Gaussian distribution;Histograms;Least squares approximation;Marine vehicles;Q measurement;Radar tracking;Sea measurements;Surveillance;Target tracking}, 
doi={10.1109/TSMC.1979.4310076}, 
ISSN={0018-9472}, 
month={Jan},}
@article{geurts2006,
  title={Extremely randomized trees},
  author={Geurts, Pierre and Ernst, Damien and Wehenkel, Louis},
  journal={Machine learning},
  volume={63},
  number={1},
  pages={3--42},
  year={2006},
  publisher={Springer}
}
@inproceedings{lifeclef2014,
  title={LifeCLEF bird identification task 2014},
  author={Go{\"e}au, Herv{\'e} and Glotin, Herv{\'e} and Vellinga, Willem-Pier and Planqu{\'e}, Robert and Rauber, Andreas and Joly, Alexis},
  booktitle={CLEF2014},
  year={2014}
}
@Article{Hunter:2007,
  Author    = {Hunter, J. D.},
  Title     = {Matplotlib: A 2D graphics environment},
  Journal   = {Computing In Science \& Engineering},
  Volume    = {9},
  Number    = {3},
  Pages     = {90--95},
  abstract  = {Matplotlib is a 2D graphics package used for Python
  for application development, interactive scripting, and
  publication-quality image generation across user
  interfaces and operating systems.},
  publisher = {IEEE COMPUTER SOC},
  doi = {10.1109/MCSE.2007.55},
  year      = 2007
}
@inproceedings{briechle2001,
  title={Template matching using fast normalized cross correlation},
  author={Briechle, Kai and Hanebeck, Uwe D},
  booktitle={Aerospace/Defense Sensing, Simulation, and Controls},
  pages={95--102},
  year={2001},
  organization={International Society for Optics and Photonics}
}
